<?xml version="1.0" encoding="UTF-8"?><record xmlns="http://www.loc.gov/MARC21/slim" xmlns:cinclude="http://apache.org/cocoon/include/1.0" xmlns:zs="http://www.loc.gov/zing/srw/">
  <leader>02816cz  a2200361n  4500</leader>
  <controlfield tag="001">n  88172787 </controlfield>
  <controlfield tag="003">DLC</controlfield>
  <controlfield tag="005">20140124073739.0</controlfield>
  <controlfield tag="008">891004n| azannaabn          |a aaa      </controlfield>
  <datafield tag="010" ind1=" " ind2=" ">
    <subfield code="a">n  88172787 </subfield>
    <subfield code="z">no 98117190 </subfield>
  </datafield>
  <datafield tag="035" ind1=" " ind2=" ">
    <subfield code="a">(OCoLC)oca02610921</subfield>
  </datafield>
  <datafield tag="040" ind1=" " ind2=" ">
    <subfield code="a">DLC</subfield>
    <subfield code="b">eng</subfield>
    <subfield code="e">rda</subfield>
    <subfield code="c">DLC</subfield>
    <subfield code="d">DLC</subfield>
    <subfield code="d">CLU-FT</subfield>
    <subfield code="d">DCS</subfield>
  </datafield>
  <datafield tag="046" ind1=" " ind2=" ">
    <subfield code="f">19070109</subfield>
    <subfield code="g">20000222</subfield>
  </datafield>
  <datafield tag="100" ind1="1" ind2=" ">
    <subfield code="a">Neuberger, Maurine B.</subfield>
    <subfield code="q">(Maurine Brown),</subfield>
    <subfield code="d">1907-2000</subfield>
  </datafield>
  <datafield tag="370" ind1=" " ind2=" ">
    <subfield code="a">Cloverdale (Or.)</subfield>
    <subfield code="b">Portland (Or.)</subfield>
    <subfield code="2">naf</subfield>
  </datafield>
  <datafield tag="373" ind1=" " ind2=" ">
    <subfield code="a">University of Oregon</subfield>
    <subfield code="2">naf</subfield>
    <subfield code="s">1928</subfield>
    <subfield code="t">1929</subfield>
  </datafield>
  <datafield tag="373" ind1=" " ind2=" ">
    <subfield code="a">University of California, Los Angeles</subfield>
    <subfield code="2">naf</subfield>
    <subfield code="s">1936</subfield>
    <subfield code="t">1937</subfield>
  </datafield>
  <datafield tag="373" ind1=" " ind2=" ">
    <subfield code="a">Oregon. Legislative Assembly. House of Representatives</subfield>
    <subfield code="2">naf</subfield>
    <subfield code="s">1951</subfield>
    <subfield code="t">1955</subfield>
  </datafield>
  <datafield tag="373" ind1=" " ind2=" ">
    <subfield code="a">United States. Congress. Senate</subfield>
    <subfield code="2">naf</subfield>
    <subfield code="s">19601109</subfield>
    <subfield code="t">19670103</subfield>
  </datafield>
  <datafield tag="373" ind1=" " ind2=" ">
    <subfield code="a">Democratic Party (U.S.)</subfield>
    <subfield code="2">naf</subfield>
  </datafield>
  <datafield tag="374" ind1=" " ind2=" ">
    <subfield code="a">Legislators</subfield>
    <subfield code="2">lcsh</subfield>
  </datafield>
  <datafield tag="374" ind1=" " ind2=" ">
    <subfield code="a">Teachers</subfield>
    <subfield code="2">lcsh</subfield>
  </datafield>
  <datafield tag="375" ind1=" " ind2=" ">
    <subfield code="a">female</subfield>
  </datafield>
  <datafield tag="377" ind1=" " ind2=" ">
    <subfield code="a">eng</subfield>
  </datafield>
  <datafield tag="378" ind1=" " ind2=" ">
    <subfield code="q">Maurine Brown</subfield>
  </datafield>
  <datafield tag="400" ind1="1" ind2=" ">
    <subfield code="a">Neuberger, Richard L.,</subfield>
    <subfield code="c">Mrs.,</subfield>
    <subfield code="d">1907-2000</subfield>
  </datafield>
  <datafield tag="400" ind1="1" ind2=" ">
    <subfield code="a">Brown, Maurine,</subfield>
    <subfield code="d">1907-2000</subfield>
  </datafield>
  <datafield tag="670" ind1=" " ind2=" ">
    <subfield code="a">NUCMC data from U. of Ore. Lib., Eugene, for Morse, W.L. Papers, 1919-1969</subfield>
    <subfield code="b">(Neuberger, Maurine Brown, 1907- )</subfield>
  </datafield>
  <datafield tag="670" ind1=" " ind2=" ">
    <subfield code="a">Biog. direct. Amr. Congress</subfield>
    <subfield code="b">(Neuberger, Maurine Brown, b. 1/9/1907; U.S. Senator from Ore.; appointed 1960 to fill vacancy; elected 1960 to full term beginning 1/3/61; wife of Richard L. Neuberger)</subfield>
  </datafield>
  <datafield tag="670" ind1=" " ind2=" ">
    <subfield code="a">WW Amer. 74-75</subfield>
    <subfield code="b">(Neuberger, Maurine Brown, b. 1/9/1907; Brown is maiden surname)</subfield>
  </datafield>
  <datafield tag="670" ind1=" " ind2=" ">
    <subfield code="a">Wash. Post obit, March 2000</subfield>
    <subfield code="b">(Neuberger d. 2/22/2000)</subfield>
  </datafield>
  <datafield tag="670" ind1=" " ind2=" ">
    <subfield code="a">Her Smoke screen, 1963</subfield>
    <subfield code="b">title page (Maurine B. Neuberger)</subfield>
  </datafield>
  <datafield tag="670" ind1=" " ind2=" ">
    <subfield code="a">Bio. dir. of the U.S. Congress website, Sept. 30, 2013</subfield>
    <subfield code="b">(Neuberger, Maurine Brown, (wife of Richard L. Neuberger), a Senator from Oregon; born Maurine Brown, January 9, 1907, in Cloverdale, Tillamook County, Oreg.; attended the public schools, Oregon College of Education at Monmouth 1922-1924, the University of Oregon 1928-1929, and the University of California at Los Angeles 1936-1937; teacher in Oregon public schools 1932-1944; member, State house of representatives 1951-1955; writer and photographer; member, board of directors, American Association for the United Nations; elected in a special election on November 8, 1960, as a Democrat to the United States Senate to fill the vacancy caused by the death of her husband, Richard L. Neuberger, and served from November 9, 1960, to January 3, 1961; also elected in 1960 for the term commencing January 3, 1961, and ending January 3, 1967; was not a candidate for reelection in 1966; lecturer on consumer affairs and the status of women; teacher of American government at Boston University, Radcliffe Institute, and Reed College; was a resident of Portland, Oreg., until her death on February 22, 2000; interment in Beth Israel Cemetery, Portland, Oreg.)</subfield>
  </datafield>
</record>